\label{ref}

@book{Liddle:1998ew,
    author = "Liddle, Andrew R.",
    title = "{An introduction to modern cosmology}",
    year = "1998"
}

@book{bailer2017practical,
  title={Practical Bayesian Inference: A Primer for Physical Scientists},
  author={Bailer-Jones, C.A.L.},
  year={2017},
  publisher={Cambridge University Press}
}


@book{taylor2022introduction,
	title={An Introduction to Error Analysis: The Study of Uncertainties in Physical Measurements},
	author={Taylor, J.R.},
	isbn={9781940380094},
	lccn={2022003416},
	url={https://books.google.co.in/books?id=yhAszwEACAAJ},
	year={2022},
	publisher={University Science Books}
}

@book{pugh_analysis_1966,
	address = {Reading, Massachusetts},
	series = {Series in {Physics}},
	title = {The {Analysis} of {Physical} {Measurements}},
	language = {en-US},
	publisher = {Addison-Wesley},
	author = {Pugh, Emerson M. and Winslow, George H.},
	year = {1966},
}

@book{barlow1993statistics,
  title={Statistics: A Guide to the Use of Statistical Methods in the Physical Sciences},
  author={Barlow, R.J.},
  isbn={9780471922957},
  lccn={88033908},
  series={Manchester Physics Series},
  url={https://books.google.co.in/books?id=qqKgx47QMX8C},
  year={1993},
  publisher={Wiley}
}

@book{witkov2019chi,
  title={Chi-Squared Data Analysis and Model Testing for Beginners},
  author={Witkov, C. and Zengel, K.},
  year={2019},
  publisher={Oxford University Press}
}

@article{Verde:2009tu,
    author = "Verde, Licia",
    title = "{Statistical methods in cosmology}",
    eprint = "0911.3105",
    archivePrefix = "arXiv",   
    journal = "Lect. Notes Phys.",
    volume = "800",
    year = "2010"
}

@article{Hogg:1999ad,
    author = "Hogg, David W.",
    title = "{Distance measures in cosmology}",
    eprint = "astro-ph/9905116",
    archivePrefix = "arXiv",
    year = "1999"
}

@article{Chen:2016uno,
    author = "Chen, Yun and Kumar, Suresh and Ratra, Bharat",
    title = "{Determining the Hubble constant from Hubble parameter measurements}",
    eprint = "1606.07316",
    archivePrefix = "arXiv",
    journal = "Astrophys. J.",
    volume = "835",
    year = "2017"
}

@article{Farooq_2013,
   title={HUBBLE PARAMETER MEASUREMENT CONSTRAINTS ON DARK ENERGY},
   volume={764},
   journal={The Astrophysical Journal},
   publisher={American Astronomical Society},
   author={Farooq, Omer and Mania, Data and Ratra, Bharat},
   year={2013}}

@article{Anagnostopoulos:2017iao,
    author = "Anagnostopoulos, Fotios K. and Basilakos, Spyros",
    title = "{Constraining the dark energy models with $H(z)$ data: An approach independent of $H_0$}",
    eprint = "1709.02356",
    archivePrefix = "arXiv",
    journal = "Phys. Rev. D",
    volume = "97",
    year = "2018"
}




@misc{washingtonHubbleLaw,
	author = {Dept of Astronomy, University of Washington.},
	title = {{T}he {H}ubble {L}aw: {M}easurements of {V}elocities and {D}istances --- depts.washington.edu},
	howpublished = {\url{https://depts.washington.edu/astroed/HubbleLaw/measurements.html}},
	year = {},
	note = {[Accessed 03-07-2024]},
}

@misc{caltechNameNASAIPAC,
	author = {},
	title = {{B}y {N}ame | {N}{A}{S}{A}/{I}{P}{A}{C} {E}xtragalactic {D}atabase --- ned.ipac.caltech.edu}
}

@book{grus2019data,
  title={Data Science from Scratch: First Principles with Python},
  author={Grus, J.},
  isbn={9781492041108},
  url={https://books.google.co.in/books?id=YBKSDwAAQBAJ},
  year={2019},
  publisher={O'Reilly Media}
}

@article{Geller:1989da,
    author = "Geller, Margaret J. and Huchra, John P.",
    title = "{Mapping the universe}",
    doi = "10.1126/science.246.4932.897",
    journal = "Science",
    volume = "246",
    pages = "897--903",
    year = "1989"
}

@book{peebles1993principles,
  title={Principles of Physical Cosmology},
  author={Peebles, P.J.E.},
  isbn={9780691019338},
  lccn={92033370},
  series={Princeton Series in Physics},
  url={https://books.google.co.in/books?id=AmlEt6TJ6jAC},
  year={1993},
  publisher={Princeton University Press}
}

@article{Fixsen_2009,
doi = {10.1088/0004-637X/707/2/916},
url = {https://dx.doi.org/10.1088/0004-637X/707/2/916},
year = {2009},
month = {nov},
publisher = {The American Astronomical Society},
volume = {707},
number = {2},
pages = {916},
author = {D. J. Fixsen},
title = {THE TEMPERATURE OF THE COSMIC MICROWAVE BACKGROUND},
journal = {The Astrophysical Journal},
abstract = {The Far InfraRed Absolute Spectrophotometer data are independently recalibrated using the Wilkinson Microwave Anisotropy Probe data to obtain a cosmic microwave background (CMB) temperature of 2.7260 ± 0.0013. Measurements of the temperature of the CMB are reviewed. The determination from the measurements from the literature is CMB temperature of 2.72548 ± 0.00057 K.}
}

@article{Hubble:1929ig,
    author = "Hubble, Edwin",
    title = "{A relation between distance and radial velocity among extra-galactic nebulae}",
    doi = "10.1073/pnas.15.3.168",
    journal = "Proc. Nat. Acad. Sci.",
    volume = "15",
    year = "1929"
}

@article{Friedman:1922kd,
    author = "Friedman, A.",
    title = "{On the Curvature of space}",
    doi = "10.1007/BF01332580",
    journal = "Z. Phys.",
    volume = "10",
    pages = "377--386",
    year = "1922"
}

@article{Riess:2019cxk,
    author = "Riess, Adam G. and Casertano, Stefano and Yuan, Wenlong and Macri, Lucas M. and Scolnic, Dan",
    title = "{Large Magellanic Cloud Cepheid Standards Provide a 1\% Foundation for the Determination of the Hubble Constant and Stronger Evidence for Physics beyond $\Lambda$CDM}",
    eprint = "1903.07603",
    archivePrefix = "arXiv",
    primaryClass = "astro-ph.CO",
    doi = "10.3847/1538-4357/ab1422",
    journal = "Astrophys. J.",
    volume = "876",
    number = "1",
    pages = "85",
    year = "2019"
}

@book{dodelson2020modern,
  title={Modern Cosmology},
  author={Dodelson, S. and Schmidt, F.},
  year={2020},
  publisher={Elsevier Science}
}

@article{10.1088/0264-9381/17/13/101,
  author = {Matos, T. and Ureña–López, L. A.},
  title = {Quintessence and scalar dark matter in the universe},
  journal = {Classical and Quantum Gravity},
  year = {2000},
  volume = {17},
  issue = {13},
  pages = {L75-L81},
  doi = {10.1088/0264-9381/17/13/101}
}

@article{10.1146/annurev-astro-091916-055313, author = {Bullock, J. and Boylan-Kolchin, M.}, title = {Small-scale challenges to the $\Lambda$cdm paradigm}, journal = {Annual Review of Astronomy and Astrophysics}, year = {2017}, volume = {55}, issue = {1}, pages = {343-387}, doi = {10.1146/annurev-astro-091916-055313} }

@article{Padilla:2019mgi,
    author = "Padilla, Luis E. and Tellez, Luis O. and Escamilla, Luis A. and Vazquez, Jose Alberto",
    title = "{Cosmological Parameter Inference with Bayesian Statistics}",
    eprint = "1903.11127",
    archivePrefix = "arXiv",
    journal = "Universe",
    volume = "7",
    year = "2021"
}

@book{bolstad2016introduction,
  title={Introduction to Bayesian Statistics},
  author={Bolstad, W.M. and Curran, J.M.},
  year={2016},
  publisher={Wiley}
}

@article{10.1119/5.0122488,
    author = {Wang, Wenlong},
    title = "{An introduction to the Markov chain Monte Carlo method}",
    journal = {American Journal of Physics},
    year = {2022},
}

@book{norris1998markov,
  title={Markov Chains},
  author={Norris, J.R.},
  isbn={9781107393479},
  series={Cambridge Series in Statistical and Probabilistic Mathematics},
  url={https://books.google.co.in/books?id=xbmtAQAAQBAJ},
  year={1998},
  publisher={Cambridge University Press}
}

@article{Trotta_2008,
   title={Bayes in the sky: Bayesian inference and model selection in cosmology},
   volume={49},
   journal={Contemporary Physics},
   publisher={Informa UK Limited},
   author={Trotta, Roberto},
   year={2008},}

@misc{trotta2017bayesianmethodscosmology,
      title={Bayesian Methods in Cosmology}, 
      author={Roberto Trotta},
      year={2017},
      eprint={1701.01467},
      archivePrefix={arXiv} 
}

@article{Verde_2019,
   title={Tensions between the early and late Universe},
   volume={3},
   ISSN={2397-3366},
   url={http://dx.doi.org/10.1038/s41550-019-0902-0},
   DOI={10.1038/s41550-019-0902-0},
   number={10},
   journal={Nature Astronomy},
   publisher={Springer Science and Business Media LLC},
   author={Verde, Licia and Treu, Tommaso and Riess, Adam G.},
   year={2019},
   month=sep, pages={891–895} }

@article{Di_Valentino_2021,
   title={In the realm of the Hubble tension—a review of solutions
						            *},
   volume={38},
   ISSN={1361-6382},
   url={http://dx.doi.org/10.1088/1361-6382/ac086d},
   DOI={10.1088/1361-6382/ac086d},
   number={15},
   journal={Classical and Quantum Gravity},
   publisher={IOP Publishing},
   author={Di Valentino, Eleonora and Mena, Olga and Pan, Supriya and Visinelli, Luca and Yang, Weiqiang and Melchiorri, Alessandro and Mota, David F and Riess, Adam G and Silk, Joseph},
   year={2021},
   month=jul, pages={153001} }

@misc{hu2023hubbletensionevidencenew,
      title={Hubble Tension: The Evidence of New Physics}, 
      author={Jian-Ping Hu and Fa-Yin Wang},
      year={2023},
      eprint={2302.05709},
      archivePrefix={arXiv} 
}

@misc{verde2023taleh0,
      title={A tale of many $H_0$}, 
      author={Licia Verde and Nils Schöneberg and Héctor Gil-Marín},
      year={2023},
      eprint={2311.13305},
      archivePrefix={arXiv} 
}

@article{2020,
   title={Planck2018 results: VI. Cosmological parameters},
   volume={641},
   ISSN={1432-0746},
   url={http://dx.doi.org/10.1051/0004-6361/201833910},
   DOI={10.1051/0004-6361/201833910},
   journal={Astronomy &amp; Astrophysics},
   publisher={EDP Sciences},
   author={Aghanim, N. and Akrami, Y. and Ashdown, M. and Aumont, J. and Baccigalupi, C. and Ballardini, M. and Banday, A. J. and Barreiro, R. B. and Bartolo, N. and Basak, S. and Battye, R. and Benabed, K. and Bernard, J.-P. and Bersanelli, M. and Bielewicz, P. and Bock, J. J. and Bond, J. R. and Borrill, J. and Bouchet, F. R. and Boulanger, F. and Bucher, M. and Burigana, C. and Butler, R. C. and Calabrese, E. and Cardoso, J.-F. and Carron, J. and Challinor, A. and Chiang, H. C. and Chluba, J. and Colombo, L. P. L. and Combet, C. and Contreras, D. and Crill, B. P. and Cuttaia, F. and de Bernardis, P. and de Zotti, G. and Delabrouille, J. and Delouis, J.-M. and Di Valentino, E. and Diego, J. M. and Doré, O. and Douspis, M. and Ducout, A. and Dupac, X. and Dusini, S. and Efstathiou, G. and Elsner, F. and Enßlin, T. A. and Eriksen, H. K. and Fantaye, Y. and Farhang, M. and Fergusson, J. and Fernandez-Cobos, R. and Finelli, F. and Forastieri, F. and Frailis, M. and Fraisse, A. A. and Franceschi, E. and Frolov, A. and Galeotta, S. and Galli, S. and Ganga, K. and Génova-Santos, R. T. and Gerbino, M. and Ghosh, T. and González-Nuevo, J. and Górski, K. M. and Gratton, S. and Gruppuso, A. and Gudmundsson, J. E. and Hamann, J. and Handley, W. and Hansen, F. K. and Herranz, D. and Hildebrandt, S. R. and Hivon, E. and Huang, Z. and Jaffe, A. H. and Jones, W. C. and Karakci, A. and Keihänen, E. and Keskitalo, R. and Kiiveri, K. and Kim, J. and Kisner, T. S. and Knox, L. and Krachmalnicoff, N. and Kunz, M. and Kurki-Suonio, H. and Lagache, G. and Lamarre, J.-M. and Lasenby, A. and Lattanzi, M. and Lawrence, C. R. and Le Jeune, M. and Lemos, P. and Lesgourgues, J. and Levrier, F. and Lewis, A. and Liguori, M. and Lilje, P. B. and Lilley, M. and Lindholm, V. and López-Caniego, M. and Lubin, P. M. and Ma, Y.-Z. and Macías-Pérez, J. F. and Maggio, G. and Maino, D. and Mandolesi, N. and Mangilli, A. and Marcos-Caballero, A. and Maris, M. and Martin, P. G. and Martinelli, M. and Martínez-González, E. and Matarrese, S. and Mauri, N. and McEwen, J. D. and Meinhold, P. R. and Melchiorri, A. and Mennella, A. and Migliaccio, M. and Millea, M. and Mitra, S. and Miville-Deschênes, M.-A. and Molinari, D. and Montier, L. and Morgante, G. and Moss, A. and Natoli, P. and Nørgaard-Nielsen, H. U. and Pagano, L. and Paoletti, D. and Partridge, B. and Patanchon, G. and Peiris, H. V. and Perrotta, F. and Pettorino, V. and Piacentini, F. and Polastri, L. and Polenta, G. and Puget, J.-L. and Rachen, J. P. and Reinecke, M. and Remazeilles, M. and Renzi, A. and Rocha, G. and Rosset, C. and Roudier, G. and Rubiño-Martín, J. A. and Ruiz-Granados, B. and Salvati, L. and Sandri, M. and Savelainen, M. and Scott, D. and Shellard, E. P. S. and Sirignano, C. and Sirri, G. and Spencer, L. D. and Sunyaev, R. and Suur-Uski, A.-S. and Tauber, J. A. and Tavagnacco, D. and Tenti, M. and Toffolatti, L. and Tomasi, M. and Trombetti, T. and Valenziano, L. and Valiviita, J. and Van Tent, B. and Vibert, L. and Vielva, P. and Villa, F. and Vittorio, N. and Wandelt, B. D. and Wehus, I. K. and White, M. and White, S. D. M. and Zacchei, A. and Zonca, A.},
   year={2020},
   month=sep, pages={A6} }

@article{Riess_2022,
   title={A Comprehensive Measurement of the Local Value of the Hubble Constant with 1 km s−1 Mpc−1 Uncertainty from the Hubble Space Telescope and the SH0ES Team},
   volume={934},
   ISSN={2041-8213},
   url={http://dx.doi.org/10.3847/2041-8213/ac5c5b},
   DOI={10.3847/2041-8213/ac5c5b},
   number={1},
   journal={The Astrophysical Journal Letters},
   publisher={American Astronomical Society},
   author={Riess, Adam G. and Yuan, Wenlong and Macri, Lucas M. and Scolnic, Dan and Brout, Dillon and Casertano, Stefano and Jones, David O. and Murakami, Yukei and Anand, Gagandeep S. and Breuval, Louise and Brink, Thomas G. and Filippenko, Alexei V. and Hoffmann, Samantha and Jha, Saurabh W. and D’arcy Kenworthy, W. and Mackenty, John and Stahl, Benjamin E. and Zheng, WeiKang},
   year={2022},
   month=jul, pages={L7} }
